@book{goodfellow2016deep,
  title={Deep learning},
  author={Goodfellow, Ian and Bengio, Yoshua and Courville, Aaron and Bengio, Yoshua},
  year={2016},
  publisher={MIT press Cambridge}
}

@inproceedings{mcfee2015librosa,
  title={Librosa: Audio and Music Signal Analysis in Python},
  author={McFee, Brian and Colin Raffel and Dawen Liang and Daniel P. W. Ellis and Matt McVicar and Eric Battenberg and Oriol Nieto},
  booktitle={International Society for Music Information Retrieval Conference},
  pages={561--566},
  year={2015}
}